

@article{lippman:87,
	title = {Multi-{Style} {Training} for {Robust} {Isolated}-{Word} {Speech} {Recognition}},
	url = {http://ieeexplore.ieee.org/ielx6/8363/26345/01169544.pdf?tp=&arnumber=1169544&isnumber=26345},
	urldate = {2017-07-07},
	journal = {Acoustics, Speech and Signal Processing, IEE International Converence on ICASSP},
	author = {Lippman, P., Richard and Martin, Edward A. and Paul, Douglas B.},
	year = {1987},
	file = {Lippman et al. - 1987 - Multi-Style Training for Robust Isolated-Word Spee.pdf:/home/sam/.mozilla/firefox/kqnpekrr.default/zotero/storage/XC4XRA7X/Lippman et al. - 1987 - Multi-Style Training for Robust Isolated-Word Spee.pdf:application/pdf}
}

@inproceedings{hermansky:85,
	title = {Perceptually based linear predictive analysis of speech},
	volume = {10},
	url = {http://ieeexplore.ieee.org/abstract/document/1168384/},
	urldate = {2017-07-07},
	booktitle = {Acoustics, {Speech}, and {Signal} {Processing}, {IEEE} {International} {Conference} on {ICASSP}'85.},
	publisher = {IEEE},
	author = {Hermansky, Hynek and Hanson, B. and Wakita, Hisashi},
	year = {1985},
	pages = {509--512},
	file = {Hermansky et al. - 1985 - Perceptually based linear predictive analysis of s.pdf:/home/sam/.mozilla/firefox/kqnpekrr.default/zotero/storage/W6W6Q8CG/Hermansky et al. - 1985 - Perceptually based linear predictive analysis of s.pdf:application/pdf}
}

@inproceedings{hermansky:92,
	title = {{RASTA}-{PLP} speech analysis technique},
	volume = {1},
	url = {http://ieeexplore.ieee.org/abstract/document/225957/},
	urldate = {2017-07-07},
	booktitle = {Acoustics, {Speech}, and {Signal} {Processing}, 1992. {ICASSP}-92., 1992 {IEEE} {International} {Conference} on},
	publisher = {IEEE},
	author = {Hermansky, Hynek and Morgan, Nelson and Bayya, Aruna and Kohn, Phil},
	year = {1992},
	pages = {121--124},
	file = {Hermansky et al. - 1992 - RASTA-PLP speech analysis technique.pdf:/home/sam/.mozilla/firefox/kqnpekrr.default/zotero/storage/VGHTCCBN/Hermansky et al. - 1992 - RASTA-PLP speech analysis technique.pdf:application/pdf}
}

@article{moritz:15,
	title = {An {Auditory} {Inspired} {Amplitude} {Modulation} {Filter} {Bank} for {Robust} {Feature} {Extraction} in {Automatic} {Speech} {Recognition}},
	issn = {2329-9290, 2329-9304},
	url = {http://ieeexplore.ieee.org/document/7156117/},
	doi = {10.1109/TASLP.2015.2456420},
	urldate = {2017-07-07},
	journal = {IEEE/ACM Transactions on Audio, Speech, and Language Processing},
	author = {Moritz, Niko and Anemueller, Joern and Kollmeier, Birger},
	year = {2015},
	pages = {1--1},
	file = {Moritz et al. - 2015 - An Auditory Inspired Amplitude Modulation Filter B.pdf:/home/sam/.mozilla/firefox/kqnpekrr.default/zotero/storage/AX69PA72/Moritz et al. - 2015 - An Auditory Inspired Amplitude Modulation Filter B.pdf:application/pdf}
}

@incollection{droppo:08,
	title = {Environmental robustness},
	url = {http://link.springer.com/10.1007/978-3-540-49127-9_33},
	urldate = {2017-07-07},
	booktitle = {springer handbook of speech processing},
	publisher = {Springer},
	author = {Droppo, Jasha and Acero, Alex},
	year = {2008},
	pages = {653--680},
	file = {Droppo and Acero - 2008 - Environmental robustness.pdf:/home/sam/.mozilla/firefox/kqnpekrr.default/zotero/storage/7XQI9ET3/Droppo and Acero - 2008 - Environmental robustness.pdf:application/pdf}
}

@inproceedings{berouti:79,
	title = {Enhancement of speech corrupted by acoustic noise},
	volume = {4},
	url = {http://ieeexplore.ieee.org/abstract/document/1170788/},
	urldate = {2017-07-07},
	booktitle = {Acoustics, {Speech}, and {Signal} {Processing}, {IEEE} {International} {Conference} on {ICASSP}'79.},
	publisher = {IEEE},
	author = {Berouti, Michael and Schwartz, Richard and Makhoul, John},
	year = {1979},
	pages = {208--211},
	file = {Berouti et al. - 1979 - Enhancement of speech corrupted by acoustic noise.pdf:/home/sam/.mozilla/firefox/kqnpekrr.default/zotero/storage/8A9X4BMB/Berouti et al. - 1979 - Enhancement of speech corrupted by acoustic noise.pdf:application/pdf}
}

@inproceedings{macho:02,
	title = {Evaluation of a noise-robust {DSR} front-end on {Aurora} databases},
	url = {https://pdfs.semanticscholar.org/91a1/8f1cbe0f22d86453beca8ecd112ab6fda076.pdf},
	urldate = {2017-07-07},
	booktitle = {Seventh {International} {Conference} on {Spoken} {Language} {Processing}},
	author = {Macho, Duncan and Mauuary, Laurent and NoÈ, Bernhard and Cheng, Yan Ming and Ealey, Doug and Jouvet, Denis and Kelleher, Holly and Pearce, David and Saadoun, Fabien},
	year = {2002},
	file = {Macho et al. - 2002 - Evaluation of a noise-robust DSR front-end on Auro.pdf:/home/sam/.mozilla/firefox/kqnpekrr.default/zotero/storage/9CQKXR9F/Macho et al. - 2002 - Evaluation of a noise-robust DSR front-end on Auro.pdf:application/pdf}
}

@inproceedings{agarwal:99,
	title = {Two-stage {Mel}-warped {Wiener} filter for robust speech recognition},
	volume = {99},
	url = {https://pdfs.semanticscholar.org/f141/5c8656febb965baefe58a5b876f6883597ce.pdf},
	urldate = {2017-07-07},
	booktitle = {Proc. {ASRU}},
	author = {Agarwal, Anshu and Cheng, Yan Ming},
	year = {1999},
	pages = {67--70},
	file = {Agarwal and Cheng - 1999 - Two-stage Mel-warped Wiener filter for robust spee.pdf:/home/sam/.mozilla/firefox/kqnpekrr.default/zotero/storage/KFQQQD3X/Agarwal and Cheng - 1999 - Two-stage Mel-warped Wiener filter for robust spee.pdf:application/pdf}
}

@inproceedings{macho:01,
	title = {{SNR}-dependent waveform processing for improving the robustness of {ASR} front-end},
	volume = {1},
	url = {http://ieeexplore.ieee.org/abstract/document/940828/},
	urldate = {2017-07-07},
	booktitle = {Acoustics, {Speech}, and {Signal} {Processing}, 2001. {Proceedings}.({ICASSP}'01). 2001 {IEEE} {International} {Conference} on},
	publisher = {IEEE},
	author = {Macho, Dusan and Cheng, Yan Ming},
	year = {2001},
	pages = {305--308},
	file = {Macho and Cheng - 2001 - SNR-dependent waveform processing for improving th.pdf:/home/sam/.mozilla/firefox/kqnpekrr.default/zotero/storage/ZWKM2ZTK/Macho and Cheng - 2001 - SNR-dependent waveform processing for improving th.pdf:application/pdf}
}

@article{mauuary:98,
	title = {Blind equalization in the cepstral domain for robust telephone based speech recognition},
	volume = {1},
	url = {http://ieeexplore.ieee.org/ielx7/7089497/7089498/07089729.pdf?tp=&arnumber=7089729&isnumber=7089498},
	urldate = {2017-07-07},
	journal = {EUSIPCO},
	author = {Mauuary, Laurent},
	year = {1998},
	pages = {359--363},
	file = {Mauuary - 1998 - Blind equalization in the cepstral domain for robu.pdf:/home/sam/.mozilla/firefox/kqnpekrr.default/zotero/storage/2KB7ZNW3/Mauuary - 1998 - Blind equalization in the cepstral domain for robu.pdf:application/pdf}
}

@article{leggetter:95,
	title = {Maximum likelihood linear regression for speaker adaptation of continuous density hidden {Markov} models},
	volume = {9},
	url = {http://www.sciencedirect.com/science/article/pii/S0885230885700101},
	number = {2},
	urldate = {2017-07-07},
	journal = {Computer Speech \& Language},
	author = {Leggetter, Christopher J. and Woodland, Philip C.},
	year = {1995},
	pages = {171--185},
	file = {Leggetter and Woodland - 1995 - Maximum likelihood linear regression for speaker a.pdf:/home/sam/.mozilla/firefox/kqnpekrr.default/zotero/storage/IU62XMIU/Leggetter and Woodland - 1995 - Maximum likelihood linear regression for speaker a.pdf:application/pdf}
}

@article{gales:98,
	title = {Maximum likelihood linear transformations for {HMM}-based speech recognition},
	volume = {12},
	url = {http://www.sciencedirect.com/science/article/pii/S0885230898900432},
	number = {2},
	urldate = {2017-07-07},
	journal = {Computer speech \& language},
	author = {Gales, Mark JF},
	year = {1998},
	pages = {75--98},
	file = {Gales - 1998 - Maximum likelihood linear transformations for HMM-.pdf:/home/sam/.mozilla/firefox/kqnpekrr.default/zotero/storage/GWN8M46T/Gales - 1998 - Maximum likelihood linear transformations for HMM-.pdf:application/pdf}
}

@article{paliwal:12,
	title = {Speech enhancement using a minimum mean-square error short-time spectral modulation magnitude estimator},
	volume = {54},
	issn = {01676393},
	url = {http://linkinghub.elsevier.com/retrieve/pii/S016763931100135X},
	doi = {10.1016/j.specom.2011.09.003},
	language = {en},
	number = {2},
	urldate = {2017-07-07},
	journal = {Speech Communication},
	author = {Paliwal, Kuldip and Schwerin, Belinda and Wójcicki, Kamil},
	month = feb,
	year = {2012},
	pages = {282--305},
	file = {Paliwal et al. - 2012 - Speech enhancement using a minimum mean-square err.pdf:/home/sam/.mozilla/firefox/kqnpekrr.default/zotero/storage/9QR5WQQX/Paliwal et al. - 2012 - Speech enhancement using a minimum mean-square err.pdf:application/pdf}
}

@inproceedings{seltzer:13,
	title = {An investigation of deep neural networks for noise robust speech recognition},
	url = {http://ieeexplore.ieee.org/abstract/document/6639100/},
	urldate = {2017-07-07},
	booktitle = {Acoustics, {Speech} and {Signal} {Processing} ({ICASSP}), 2013 {IEEE} {International} {Conference} on},
	publisher = {IEEE},
	author = {Seltzer, Michael L. and Yu, Dong and Wang, Yongqiang},
	year = {2013},
	pages = {7398--7402},
	file = {Seltzer et al. - 2013 - An investigation of deep neural networks for noise.pdf:/home/sam/.mozilla/firefox/kqnpekrr.default/zotero/storage/3RD7PIKC/Seltzer et al. - 2013 - An investigation of deep neural networks for noise.pdf:application/pdf}
}

@inproceedings{mirsamadi:15,
	title = {A study on deep neural network acoustic model adaptation for robust far-field speech recognition},
	url = {https://pdfs.semanticscholar.org/52ae/5b6661d3e02ee56e2f77623c153336d1efe1.pdf},
	urldate = {2017-07-07},
	booktitle = {Sixteenth {Annual} {Conference} of the {International} {Speech} {Communication} {Association}},
	author = {Mirsamadi, Seyedmahdad and Hansen, John HL},
	year = {2015},
	file = {Mirsamadi and Hansen - 2015 - A study on deep neural network acoustic model adap.pdf:/home/sam/.mozilla/firefox/kqnpekrr.default/zotero/storage/ARUBWIQ3/Mirsamadi and Hansen - 2015 - A study on deep neural network acoustic model adap.pdf:application/pdf}
}

@inproceedings{weninger:13,
	title = {The {Munich} feature enhancement approach to the 2nd {CHiME} challenge using {BLSTM} recurrent neural networks},
	url = {https://mediatum.ub.tum.de/doc/1189715/889467.pdf},
	urldate = {2017-07-07},
	booktitle = {Proceedings of the 2nd {CHiME} workshop on machine listening in multisource environments},
	author = {Weninger, Felix and Geiger, Jürgen and Wöllmer, Martin and Schuller, Björn and Rigoll, Gerhard},
	year = {2013},
	pages = {86--90},
	file = {Weninger et al. - 2013 - The Munich feature enhancement approach to the 2nd.pdf:/home/sam/.mozilla/firefox/kqnpekrr.default/zotero/storage/6Z9S773Q/Weninger et al. - 2013 - The Munich feature enhancement approach to the 2nd.pdf:application/pdf}
}

@article{veen:88,
	title = {Beamforming: {A} versatile approach to spatial filtering},
	volume = {5},
	shorttitle = {Beamforming},
	url = {http://ieeexplore.ieee.org/abstract/document/665/},
	number = {2},
	urldate = {2017-07-07},
	journal = {IEEE assp magazine},
	author = {Van Veen, Barry D. and Buckley, Kevin M.},
	year = {1988},
	pages = {4--24},
	file = {Van Veen and Buckley - 1988 - Beamforming A versatile approach to spatial filte.pdf:/home/sam/.mozilla/firefox/kqnpekrr.default/zotero/storage/XCRKUMF5/Van Veen and Buckley - 1988 - Beamforming A versatile approach to spatial filte.pdf:application/pdf}
}

@inproceedings{hori:15,
	title = {The {MERL}/{SRI} system for the 3rd {CHiME} challenge using beamforming, robust feature extraction, and advanced speech recognition},
	url = {http://ieeexplore.ieee.org/abstract/document/7404833/},
	urldate = {2017-07-07},
	booktitle = {Automatic {Speech} {Recognition} and {Understanding} ({ASRU}), 2015 {IEEE} {Workshop} on},
	publisher = {IEEE},
	author = {Hori, Takaaki and Chen, Zhuo and Erdogan, Hakan and Hershey, John R. and Le Roux, Jonathan and Mitra, Vikramjit and Watanabe, Shinji},
	year = {2015},
	pages = {475--481},
	file = {Hori et al. - 2015 - The MERLSRI system for the 3rd CHiME challenge us.pdf:/home/sam/.mozilla/firefox/kqnpekrr.default/zotero/storage/M3UU78I2/Hori et al. - 2015 - The MERLSRI system for the 3rd CHiME challenge us.pdf:application/pdf}
}

@inproceedings{heymann:15,
	title = {{BLSTM} supported {GEV} beamformer front-end for the 3rd {CHiME} challenge},
	url = {http://ieeexplore.ieee.org/abstract/document/7404829/},
	urldate = {2017-07-07},
	booktitle = {Automatic {Speech} {Recognition} and {Understanding} ({ASRU}), 2015 {IEEE} {Workshop} on},
	publisher = {IEEE},
	author = {Heymann, Jahn and Drude, Lukas and Chinaev, Aleksej and Haeb-Umbach, Reinhold},
	year = {2015},
	pages = {444--451},
	file = {Heymann et al. - 2015 - BLSTM supported GEV beamformer front-end for the 3.pdf:/home/sam/.mozilla/firefox/kqnpekrr.default/zotero/storage/F3MQGC77/Heymann et al. - 2015 - BLSTM supported GEV beamformer front-end for the 3.pdf:application/pdf}
}

@inproceedings{heymann:16,
	title = {Neural network based spectral mask estimation for acoustic beamforming},
	url = {http://ieeexplore.ieee.org/abstract/document/7471664/},
	urldate = {2017-07-07},
	booktitle = {Acoustics, {Speech} and {Signal} {Processing} ({ICASSP}), 2016 {IEEE} {International} {Conference} on},
	publisher = {IEEE},
	author = {Heymann, Jahn and Drude, Lukas and Haeb-Umbach, Reinhold},
	year = {2016},
	pages = {196--200},
	file = {07471664.pdf:/home/sam/.mozilla/firefox/kqnpekrr.default/zotero/storage/MJBNX3HI/07471664.pdf:application/pdf}
}

@inproceedings{sivasankaran:15,
	title = {Robust {ASR} using neural network based speech enhancement and feature simulation},
	url = {http://ieeexplore.ieee.org/abstract/document/7404834/},
	urldate = {2017-07-07},
	booktitle = {Automatic {Speech} {Recognition} and {Understanding} ({ASRU}), 2015 {IEEE} {Workshop} on},
	publisher = {IEEE},
	author = {Sivasankaran, Sunit and Nugraha, Aditya Arie and Vincent, Emmanuel and Morales-Cordovilla, Juan A. and Dalmia, Siddharth and Illina, Irina and Liutkus, Antoine},
	year = {2015},
	pages = {482--489},
	file = {Sivasankaran et al. - 2015 - Robust ASR using neural network based speech enhan.pdf:/home/sam/.mozilla/firefox/kqnpekrr.default/zotero/storage/9JM3ATKG/Sivasankaran et al. - 2015 - Robust ASR using neural network based speech enhan.pdf:application/pdf}
}