%% This BibTeX bibliography file was created using BibDesk.
%% http://bibdesk.sourceforge.net/

%% Created for Megan Willi at 2017-03-02 19:28:48 -0700 


%% Saved with string encoding Unicode (UTF-8) 



@misc{center_for_history_and_new_media_zotero_????,
	Author = {{Center for History and New Media}},
	Title = {Zotero {Quick} {Start} {Guide}},
	Url = {http://zotero.org/support/quick_start_guide},
	Bdsk-Url-1 = {http://zotero.org/support/quick_start_guide}}

@article{story_2010,
	Author = {Story, Brad H. and Bunton, Kate},
	Date-Modified = {2017-03-03 02:28:48 +0000},
	File = {[PDF] semanticscholar.org:/Users/mwilli/Library/Application Support/Zotero/Profiles/00a46nqn.default/zotero/storage/2AVZV2FI/Story and Bunton - 2010 - Relation of Vocal Tract Shape, Formant Transitions.pdf:application/pdf},
	Journal = {Journal of Speech, Language, and Hearing Research},
	Pages = {1514--1528},
	Title = {Relation of {Vocal} {Tract} {Shape}, {Formant} {Transitions}, and {Stop} {Consonant} {Identification}},
	Url = {https://pdfs.semanticscholar.org/8b16/0bd686894528ff95d5a3d55bb50bafde6afc.pdf},
	Urldate = {2017-03-03},
	Volume = {53},
	Year = {2010},
	Bdsk-Url-1 = {https://pdfs.semanticscholar.org/8b16/0bd686894528ff95d5a3d55bb50bafde6afc.pdf}}
