%% This BibTeX bibliography file was created using BibDesk.
%% http://bibdesk.sourceforge.net/

%% Created for Megan Willi at 2017-03-04 19:15:26 -0700 


%% Saved with string encoding Unicode (UTF-8) 



@article{story_2010,
	Author = {Story, Brad H. and Bunton, Kate},
	Date-Modified = {2017-03-05 02:07:46 +0000},
	File = {[PDF] semanticscholar.org:/Users/mwilli/Library/Application Support/Zotero/Profiles/00a46nqn.default/zotero/storage/2AVZV2FI/Story and Bunton - 2010 - Relation of Vocal Tract Shape, Formant Transitions.pdf:application/pdf},
	Journal = {Journal of Speech, Language, and Hearing Research},
	Pages = {1514--1528},
	Title = {Relation of {Vocal} {Tract} {Shape}, {Formant} {Transitions}, and {Stop} {Consonant} {Identification}},
	Url = {https://pdfs.semanticscholar.org/8b16/0bd686894528ff95d5a3d55bb50bafde6afc.pdf},
	Urldate = {2017-03-03},
	Volume = {53},
	Year = {2010},
	Bdsk-Url-1 = {https://pdfs.semanticscholar.org/8b16/0bd686894528ff95d5a3d55bb50bafde6afc.pdf}}

@article{association_guidelines_1997,
	Author = {Association, American Speech-Language-Hearing and {others}},
	File = {Snapshot:/Users/mwilli/Library/Application Support/Zotero/Profiles/00a46nqn.default/zotero/storage/Q284U9RF/GL1997-00199.html:text/html},
	Title = {Guidelines for audiologic screening},
	Url = {http://www.asha.org/policy/GL1997-00199/},
	Urldate = {2017-03-05},
	Year = {1997},
	Bdsk-Url-1 = {http://www.asha.org/policy/GL1997-00199/}}

@article{blumstein_acoustic_1979,
	Author = {Blumstein, Sheila E. and Stevens, Kenneth N.},
	File = {[PDF] semanticscholar.org:/Users/mwilli/Library/Application Support/Zotero/Profiles/00a46nqn.default/zotero/storage/S6D4SISS/Blumstein and Stevens - 1979 - Acoustic invariance in speech production Evidence.pdf:application/pdf;Snapshot:/Users/mwilli/Library/Application Support/Zotero/Profiles/00a46nqn.default/zotero/storage/W5PJIMRU/1.html:text/html},
	Journal = {The Journal of the Acoustical Society of America},
	Number = {4},
	Pages = {1001--1017},
	Shorttitle = {Acoustic invariance in speech production},
	Title = {Acoustic invariance in speech production: {Evidence} from measurements of the spectral characteristics of stop consonants},
	Url = {http://asa.scitation.org/doi/abs/10.1121/1.383319},
	Urldate = {2017-03-05},
	Volume = {66},
	Year = {1979},
	Bdsk-Url-1 = {http://asa.scitation.org/doi/abs/10.1121/1.383319}}

@article{blumstein_perceptual_1980,
	Author = {Blumstein, Sheila E. and Stevens, Kenneth N.},
	File = {[PDF] umass.edu:/Users/mwilli/Library/Application Support/Zotero/Profiles/00a46nqn.default/zotero/storage/2ZNSPEWF/Blumstein and Stevens - 1980 - Perceptual invariance and onset spectra for stop c.pdf:application/pdf;Snapshot:/Users/mwilli/Library/Application Support/Zotero/Profiles/00a46nqn.default/zotero/storage/K2753M9C/1.html:text/html},
	Journal = {The Journal of the Acoustical Society of America},
	Number = {2},
	Pages = {648--662},
	Title = {Perceptual invariance and onset spectra for stop consonants in different vowel environments},
	Url = {http://asa.scitation.org/doi/abs/10.1121/1.383890},
	Urldate = {2017-03-05},
	Volume = {67},
	Year = {1980},
	Bdsk-Url-1 = {http://asa.scitation.org/doi/abs/10.1121/1.383890}}

@article{cole_toward_1974,
	Author = {Cole, Ronald A. and Scott, Brian},
	File = {Snapshot:/Users/mwilli/Library/Application Support/Zotero/Profiles/00a46nqn.default/zotero/storage/CP7FEPAC/348.html:text/html},
	Journal = {Psychological review},
	Number = {4},
	Pages = {348},
	Title = {Toward a theory of speech perception.},
	Url = {http://psycnet.apa.org/journals/rev/81/4/348/},
	Urldate = {2017-03-05},
	Volume = {81},
	Year = {1974},
	Bdsk-Url-1 = {http://psycnet.apa.org/journals/rev/81/4/348/}}

@article{dorman_perception_1975,
	Author = {Dorman, Michael F. and Cutting, James E. and Raphael, Lawrence J.},
	File = {[PDF] yale.edu:/Users/mwilli/Library/Application Support/Zotero/Profiles/00a46nqn.default/zotero/storage/9IX5AUM7/Dorman et al. - 1975 - Perception of temporal order in vowel sequences wi.pdf:application/pdf;Snapshot:/Users/mwilli/Library/Application Support/Zotero/Profiles/00a46nqn.default/zotero/storage/U7Z9AQP3/121.html:text/html},
	Journal = {Journal of Experimental Psychology: Human Perception and Performance},
	Number = {2},
	Pages = {121},
	Title = {Perception of temporal order in vowel sequences with and without formant transitions.},
	Url = {http://psycnet.apa.org/journals/xhp/1/2/121/},
	Urldate = {2017-03-05},
	Volume = {1},
	Year = {1975},
	Bdsk-Url-1 = {http://psycnet.apa.org/journals/xhp/1/2/121/}}

@article{fruchter_perceptual_1997,
	Author = {Fruchter, David and Sussman, Harvey M.},
	File = {[PDF] umass.edu:/Users/mwilli/Library/Application Support/Zotero/Profiles/00a46nqn.default/zotero/storage/QXNMBWQT/Fruchter and Sussman - 1997 - The perceptual relevance of locus equations.pdf:application/pdf;Snapshot:/Users/mwilli/Library/Application Support/Zotero/Profiles/00a46nqn.default/zotero/storage/CXXAMM92/1.html:text/html},
	Journal = {The Journal of the Acoustical Society of America},
	Number = {5},
	Pages = {2997--3008},
	Title = {The perceptual relevance of locus equations},
	Url = {http://asa.scitation.org/doi/abs/10.1121/1.421012},
	Urldate = {2017-03-05},
	Volume = {102},
	Year = {1997},
	Bdsk-Url-1 = {http://asa.scitation.org/doi/abs/10.1121/1.421012}}

@article{halle_acoustic_1957,
	Author = {Halle, Morris and Hughes, George W. and Radley, J.-PA},
	File = {Snapshot:/Users/mwilli/Library/Application Support/Zotero/Profiles/00a46nqn.default/zotero/storage/KEEFIRDK/1.html:text/html},
	Journal = {The Journal of the Acoustical Society of America},
	Number = {1},
	Pages = {107--116},
	Title = {Acoustic properties of stop consonants},
	Url = {http://asa.scitation.org/doi/abs/10.1121/1.1908634},
	Urldate = {2017-03-05},
	Volume = {29},
	Year = {1957},
	Bdsk-Url-1 = {http://asa.scitation.org/doi/abs/10.1121/1.1908634}}

@article{hillenbrand_open_2005,
	Author = {Hillenbrand, James M. and Gayvert, Robert T.},
	File = {[PDF] wmich.edu:/Users/mwilli/Library/Application Support/Zotero/Profiles/00a46nqn.default/zotero/storage/3C652G5D/Hillenbrand and Gayvert - 2005 - Open source software for experiment design and con.pdf:application/pdf;Snapshot:/Users/mwilli/Library/Application Support/Zotero/Profiles/00a46nqn.default/zotero/storage/68ATCQ3R/article.html:text/html},
	Journal = {Journal of Speech, Language, and Hearing Research},
	Number = {1},
	Pages = {45--60},
	Title = {Open source software for experiment design and control},
	Url = {http://jslhr.pubs.asha.org/article.aspx?articleid=1783806},
	Urldate = {2017-03-05},
	Volume = {48},
	Year = {2005},
	Bdsk-Url-1 = {http://jslhr.pubs.asha.org/article.aspx?articleid=1783806}}

@article{iskarous_locus_2010,
	Author = {Iskarous, Khalil and Fowler, Carol A. and Whalen, Douglas H.},
	File = {[PDF] usc.edu:/Users/mwilli/Library/Application Support/Zotero/Profiles/00a46nqn.default/zotero/storage/5VMRMRWU/Iskarous et al. - 2010 - Locus equations are an acoustic expression of arti.pdf:application/pdf;Snapshot:/Users/mwilli/Library/Application Support/Zotero/Profiles/00a46nqn.default/zotero/storage/8D289SSA/1.html:text/html},
	Journal = {The Journal of the Acoustical Society of America},
	Number = {4},
	Pages = {2021--2032},
	Title = {Locus equations are an acoustic expression of articulator synergy},
	Url = {http://asa.scitation.org/doi/abs/10.1121/1.3479538},
	Urldate = {2017-03-05},
	Volume = {128},
	Year = {2010},
	Bdsk-Url-1 = {http://asa.scitation.org/doi/abs/10.1121/1.3479538}}

@article{kewley-port_perception_1983,
	Author = {Kewley-Port, Diane and Pisoni, David B. and Studdert-Kennedy, Michael},
	File = {[HTML] nih.gov:/Users/mwilli/Library/Application Support/Zotero/Profiles/00a46nqn.default/zotero/storage/7JMVKKPA/PMC3515858.html:text/html;Snapshot:/Users/mwilli/Library/Application Support/Zotero/Profiles/00a46nqn.default/zotero/storage/758A7UUA/1.html:text/html},
	Journal = {The Journal of the Acoustical Society of America},
	Number = {5},
	Pages = {1779--1793},
	Title = {Perception of static and dynamic acoustic cues to place of articulation in initial stop consonants},
	Url = {http://asa.scitation.org/doi/abs/10.1121/1.389402},
	Urldate = {2017-03-05},
	Volume = {73},
	Year = {1983},
	Bdsk-Url-1 = {http://asa.scitation.org/doi/abs/10.1121/1.389402}}

@article{klatt_software_1980,
	Author = {Klatt, Dennis H.},
	File = {[PDF] usc.edu:/Users/mwilli/Library/Application Support/Zotero/Profiles/00a46nqn.default/zotero/storage/6SZ7THZK/Klatt - 1980 - Software for a cascadeparallel formant synthesize.pdf:application/pdf;Snapshot:/Users/mwilli/Library/Application Support/Zotero/Profiles/00a46nqn.default/zotero/storage/8H2M277M/1.html:text/html},
	Journal = {the Journal of the Acoustical Society of America},
	Number = {3},
	Pages = {971--995},
	Title = {Software for a cascade/parallel formant synthesizer},
	Url = {http://asa.scitation.org/doi/abs/10.1121/1.383940},
	Urldate = {2017-03-05},
	Volume = {67},
	Year = {1980},
	Bdsk-Url-1 = {http://asa.scitation.org/doi/abs/10.1121/1.383940}}

@article{liberman_role_1954,
	Author = {Liberman, Alvin M. and Delattre, Pierre C. and Cooper, Franklin S. and Gerstman, Louis J.},
	File = {[PDF] yale.edu:/Users/mwilli/Library/Application Support/Zotero/Profiles/00a46nqn.default/zotero/storage/U8UFZJSV/Liberman et al. - 1954 - The role of consonant-vowel transitions in the per.pdf:application/pdf;Snapshot:/Users/mwilli/Library/Application Support/Zotero/Profiles/00a46nqn.default/zotero/storage/KQAWABNV/1.html:text/html},
	Journal = {Psychological Monographs: General and Applied},
	Number = {8},
	Pages = {1},
	Title = {The role of consonant-vowel transitions in the perception of the stop and nasal consonants.},
	Url = {http://psycnet.apa.org/journals/mon/68/8/1/},
	Urldate = {2017-03-05},
	Volume = {68},
	Year = {1954},
	Bdsk-Url-1 = {http://psycnet.apa.org/journals/mon/68/8/1/}}

@article{liberman_perception_1967,
	Author = {Liberman, Alvin M. and Cooper, Franklin S. and Shankweiler, Donald P. and Studdert-Kennedy, Michael},
	File = {[PDF] researchgate.net:/Users/mwilli/Library/Application Support/Zotero/Profiles/00a46nqn.default/zotero/storage/JVGDCWT9/Liberman et al. - 1967 - Perception of the speech code..pdf:application/pdf;Snapshot:/Users/mwilli/Library/Application Support/Zotero/Profiles/00a46nqn.default/zotero/storage/CXATVSZ9/431.html:text/html},
	Journal = {Psychological review},
	Number = {6},
	Pages = {431},
	Title = {Perception of the speech code.},
	Url = {http://psycnet.apa.org/journals/rev/74/6/431/},
	Urldate = {2017-03-05},
	Volume = {74},
	Year = {1967},
	Bdsk-Url-1 = {http://psycnet.apa.org/journals/rev/74/6/431/}}

@article{lindblom_2010,
	Author = {Lindblom, Bj{\"o}rn and Krull, Diana and Sussman, Harvey M.},
	Date-Modified = {2017-03-05 02:12:49 +0000},
	File = {[PDF] researchgate.net:/Users/mwilli/Library/Application Support/Zotero/Profiles/00a46nqn.default/zotero/storage/MT5S8GKI/Lindblom et al. - 2010 - Coarticulation as incomplete interpolation.pdf:application/pdf},
	Journal = {Proceedings of the FONETIK 2010},
	Title = {Coarticulation as incomplete interpolation},
	Url = {https://www.researchgate.net/profile/Bjoern_Lindblom/publication/264886559_Coarticulation_as_incomplete_interpolation/links/550700530cf26ff55f7b692f.pdf},
	Urldate = {2017-03-05},
	Year = {2010},
	Bdsk-Url-1 = {https://www.researchgate.net/profile/Bjoern_Lindblom/publication/264886559_Coarticulation_as_incomplete_interpolation/links/550700530cf26ff55f7b692f.pdf}}

@article{lindblom_dissecting_2012,
	Author = {Lindblom, Bj{\"o}rn and Sussman, Harvey M.},
	File = {[HTML] sciencedirect.com:/Users/mwilli/Library/Application Support/Zotero/Profiles/00a46nqn.default/zotero/storage/AVDIDCMU/S0095447011000933.html:text/html},
	Journal = {Journal of phonetics},
	Number = {1},
	Pages = {1--19},
	Shorttitle = {Dissecting coarticulation},
	Title = {Dissecting coarticulation: {How} locus equations happen},
	Url = {http://www.sciencedirect.com/science/article/pii/S0095447011000933},
	Urldate = {2017-03-05},
	Volume = {40},
	Year = {2012},
	Bdsk-Url-1 = {http://www.sciencedirect.com/science/article/pii/S0095447011000933}}

@article{lotto_frame_2015,
	Author = {Lotto, Andrew J. and Holt, Lori L.},
	File = {Snapshot:/Users/mwilli/Library/Application Support/Zotero/Profiles/00a46nqn.default/zotero/storage/K572TW77/1433.html:text/html},
	Shorttitle = {The {Frame} {Problem} in {Speech} {Communication}},
	Title = {The {Frame} {Problem} in {Speech} {Communication}: {Defining} the {Dimensional} {Space} for {Phonetic} {Categorization}},
	Url = {http://repository.cmu.edu/psychology/1433/},
	Urldate = {2017-03-05},
	Year = {2015},
	Bdsk-Url-1 = {http://repository.cmu.edu/psychology/1433/}}

@article{nearey_formant_1987,
	Author = {Nearey, Terrance M. and Shammass, Sherrie E.},
	File = {[PDF] caa-aca.ca:/Users/mwilli/Library/Application Support/Zotero/Profiles/00a46nqn.default/zotero/storage/ER3FCEQW/Nearey and Shammass - 1987 - Formant transitions as partly distinctive invarian.pdf:application/pdf;Snapshot:/Users/mwilli/Library/Application Support/Zotero/Profiles/00a46nqn.default/zotero/storage/DKEAVN27/581.html:text/html},
	Journal = {Canadian Acoustics},
	Number = {4},
	Pages = {17--24},
	Title = {Formant transitions as partly distinctive invariant properties in the identification of voiced stops},
	Url = {http://jcaa.caa-aca.ca/index.php/jcaa/article/view/581},
	Urldate = {2017-03-05},
	Volume = {15},
	Year = {1987},
	Bdsk-Url-1 = {http://jcaa.caa-aca.ca/index.php/jcaa/article/view/581}}

@article{ohman_coarticulation_1966,
	Author = {{\"O}hman, Sven EG},
	File = {Snapshot:/Users/mwilli/Library/Application Support/Zotero/Profiles/00a46nqn.default/zotero/storage/AVHFMFDU/1.html:text/html},
	Journal = {The Journal of the Acoustical Society of America},
	Number = {1},
	Pages = {151--168},
	Shorttitle = {Coarticulation in {VCV} utterances},
	Title = {Coarticulation in {VCV} utterances: {Spectrographic} measurements},
	Url = {http://asa.scitation.org/doi/abs/10.1121/1.1909864},
	Urldate = {2017-03-05},
	Volume = {39},
	Year = {1966},
	Bdsk-Url-1 = {http://asa.scitation.org/doi/abs/10.1121/1.1909864}}

@article{remez_speech_1981,
	Author = {Remez, Robert E. and Rubin, Philip E. and Pisoni, David B. and Carrell, Thomas D. and {others}},
	File = {[PDF] yale.edu:/Users/mwilli/Library/Application Support/Zotero/Profiles/00a46nqn.default/zotero/storage/VNAK3G75/Remez et al. - 1981 - Speech perception without traditional speech cues.pdf:application/pdf},
	Journal = {Science},
	Number = {4497},
	Pages = {947--949},
	Title = {Speech perception without traditional speech cues},
	Url = {http://web.haskins.yale.edu/Reprints/HL0338.pdf},
	Urldate = {2017-03-05},
	Volume = {212},
	Year = {1981},
	Bdsk-Url-1 = {http://web.haskins.yale.edu/Reprints/HL0338.pdf}}

@article{remez_perceptual_1994,
	Author = {Remez, Robert E. and Rubin, Philip E. and Berns, Stefanie M. and Pardo, Jennifer S. and Lang, Jessica M.},
	File = {Snapshot:/Users/mwilli/Library/Application Support/Zotero/Profiles/00a46nqn.default/zotero/storage/9EGAVZX2/1994-16166-001.html:text/html},
	Journal = {Psychological review},
	Number = {1},
	Pages = {129},
	Title = {On the perceptual organization of speech.},
	Url = {http://psycnet.apa.org/psycinfo/1994-16166-001},
	Urldate = {2017-03-05},
	Volume = {101},
	Year = {1994},
	Bdsk-Url-1 = {http://psycnet.apa.org/psycinfo/1994-16166-001}}

@article{stevens_invariant_1978,
	Author = {Stevens, Kenneth N. and Blumstein, Sheila E.},
	File = {[PDF] semanticscholar.org:/Users/mwilli/Library/Application Support/Zotero/Profiles/00a46nqn.default/zotero/storage/VDGAQRGQ/Stevens and Blumstein - 1978 - Invariant cues for place of articulation in stop c.pdf:application/pdf;Snapshot:/Users/mwilli/Library/Application Support/Zotero/Profiles/00a46nqn.default/zotero/storage/MX9KAIHZ/1.html:text/html},
	Journal = {The Journal of the Acoustical Society of America},
	Number = {5},
	Pages = {1358--1368},
	Title = {Invariant cues for place of articulation in stop consonants},
	Url = {http://asa.scitation.org/doi/abs/10.1121/1.382102},
	Urldate = {2017-03-05},
	Volume = {64},
	Year = {1978},
	Bdsk-Url-1 = {http://asa.scitation.org/doi/abs/10.1121/1.382102}}

@article{stevens_search_1981,
	Author = {Stevens, Kenneth N. and Blumstein, Sheila E.},
	File = {Snapshot:/Users/mwilli/Library/Application Support/Zotero/Profiles/00a46nqn.default/zotero/storage/9TFE8DVV/books.html:text/html},
	Journal = {Perspectives on the study of speech},
	Pages = {1--38},
	Title = {The search for invariant acoustic correlates of phonetic features},
	Url = {https://books.google.com/books?hl=en&lr=&id=kazHeeqjRlYC&oi=fnd&pg=PA1&dq=Stevens,+K.+N.,+%26+Blumstein,+S.+E.+(1981).+The+search+for+invariant+acoustic+correlates+of+%09phonetic+features.%C2%A0&ots=OvSO63ul6t&sig=fiAmvln745KJH7KAA2pHJoDDFBQ},
	Urldate = {2017-03-05},
	Year = {1981},
	Bdsk-Url-1 = {https://books.google.com/books?hl=en&lr=&id=kazHeeqjRlYC&oi=fnd&pg=PA1&dq=Stevens,+K.+N.,+%26+Blumstein,+S.+E.+(1981).+The+search+for+invariant+acoustic+correlates+of+%09phonetic+features.%C2%A0&ots=OvSO63ul6t&sig=fiAmvln745KJH7KAA2pHJoDDFBQ}}

@article{story_2005,
	Author = {Story, Brad H.},
	Date-Modified = {2017-03-05 02:13:46 +0000},
	File = {[PDF] researchgate.net:/Users/mwilli/Library/Application Support/Zotero/Profiles/00a46nqn.default/zotero/storage/C2E5FXVN/Story - 2005 - A parametric model of the vocal tract area functio.pdf:application/pdf;Snapshot:/Users/mwilli/Library/Application Support/Zotero/Profiles/00a46nqn.default/zotero/storage/63Z6R8Q9/1.html:text/html},
	Journal = {The Journal of the Acoustical Society of America},
	Number = {5},
	Pages = {3231--3254},
	Title = {A parametric model of the vocal tract area function for vowel and consonant simulation},
	Url = {http://asa.scitation.org/doi/abs/10.1121/1.1869752},
	Urldate = {2017-03-05},
	Volume = {117},
	Year = {2005},
	Bdsk-Url-1 = {http://asa.scitation.org/doi/abs/10.1121/1.1869752}}

@article{story_vowel_2009,
	Author = {Story, Brad H.},
	File = {[PDF] arizona.edu:/Users/mwilli/Library/Application Support/Zotero/Profiles/00a46nqn.default/zotero/storage/3UUADRM5/Story - 2009 - Vowel and consonant contributions to vocal tract s.pdf:application/pdf;Snapshot:/Users/mwilli/Library/Application Support/Zotero/Profiles/00a46nqn.default/zotero/storage/VZAMTP96/1.html:text/html},
	Journal = {The Journal of the Acoustical Society of America},
	Number = {2},
	Pages = {825--836},
	Title = {Vowel and consonant contributions to vocal tract shape},
	Url = {http://asa.scitation.org/doi/abs/10.1121/1.3158816},
	Urldate = {2017-03-05},
	Volume = {126},
	Year = {2009},
	Bdsk-Url-1 = {http://asa.scitation.org/doi/abs/10.1121/1.3158816}}

@article{sussman_neural_1989,
	Author = {Sussman, Harvey M.},
	File = {Snapshot:/Users/mwilli/Library/Application Support/Zotero/Profiles/00a46nqn.default/zotero/storage/JKFIGQD9/631.html:text/html},
	Journal = {Psychological Review},
	Number = {4},
	Pages = {631},
	Shorttitle = {Neural coding of relational invariance in speech},
	Title = {Neural coding of relational invariance in speech: {Human} language analogs to the barn owl.},
	Url = {http://psycnet.apa.org/journals/rev/96/4/631/},
	Urldate = {2017-03-05},
	Volume = {96},
	Year = {1989},
	Bdsk-Url-1 = {http://psycnet.apa.org/journals/rev/96/4/631/}}

@article{sussman_locus_1995,
	Author = {Sussman, Harvey M. and Fruchter, David and Cable, Amory},
	File = {Snapshot:/Users/mwilli/Library/Application Support/Zotero/Profiles/00a46nqn.default/zotero/storage/FWQ8T567/1.html:text/html},
	Journal = {The Journal of the Acoustical Society of America},
	Number = {5},
	Pages = {3112--3124},
	Title = {Locus equations derived from compensatory articulation},
	Url = {http://asa.scitation.org/doi/abs/10.1121/1.411873},
	Urldate = {2017-03-05},
	Volume = {97},
	Year = {1995},
	Bdsk-Url-1 = {http://asa.scitation.org/doi/abs/10.1121/1.411873}}

@article{sussman_investigation_1991,
	Author = {Sussman, Harvey M. and McCaffrey, Helen A. and Matthews, Sandra A.},
	File = {Snapshot:/Users/mwilli/Library/Application Support/Zotero/Profiles/00a46nqn.default/zotero/storage/5BPST52Q/1.html:text/html},
	Journal = {The Journal of the Acoustical Society of America},
	Number = {3},
	Pages = {1309--1325},
	Title = {An investigation of locus equations as a source of relational invariance for stop place categorization},
	Url = {http://asa.scitation.org/doi/abs/10.1121/1.401923},
	Urldate = {2017-03-05},
	Volume = {90},
	Year = {1991},
	Bdsk-Url-1 = {http://asa.scitation.org/doi/abs/10.1121/1.401923}}

@article{walley_onset_1983,
	Author = {Walley, Amanda C. and Carrell, Thomas D.},
	File = {[PDF] semanticscholar.org:/Users/mwilli/Library/Application Support/Zotero/Profiles/00a46nqn.default/zotero/storage/W7I9CRD5/Walley and Carrell - 1983 - Onset spectra and formant transitions in the adult.pdf:application/pdf;Snapshot:/Users/mwilli/Library/Application Support/Zotero/Profiles/00a46nqn.default/zotero/storage/XGKKNSQP/1.html:text/html},
	Journal = {The Journal of the Acoustical Society of America},
	Number = {3},
	Pages = {1011--1022},
	Title = {Onset spectra and formant transitions in the adult's and child's perception of place of articulation in stop consonants},
	Url = {http://asa.scitation.org/doi/abs/10.1121/1.389149},
	Urldate = {2017-03-05},
	Volume = {73},
	Year = {1983},
	Bdsk-Url-1 = {http://asa.scitation.org/doi/abs/10.1121/1.389149}}

@article{warner_phonetic_2011,
	Author = {Warner, Natasha and Tucker, Benjamin V.},
	File = {Snapshot:/Users/mwilli/Library/Application Support/Zotero/Profiles/00a46nqn.default/zotero/storage/NC9BU2PA/1.html:text/html},
	Journal = {The Journal of the Acoustical Society of America},
	Number = {3},
	Pages = {1606--1617},
	Title = {Phonetic variability of stops and flaps in spontaneous and careful speech},
	Url = {http://asa.scitation.org/doi/abs/10.1121/1.3621306},
	Urldate = {2017-03-05},
	Volume = {130},
	Year = {2011},
	Bdsk-Url-1 = {http://asa.scitation.org/doi/abs/10.1121/1.3621306}}

@incollection{lotto_speech_2015,
	Author = {Lotto, Andrew J. and Holt, Lori L.},
	Booktitle = {The {Neurobiology} of {Language}},
	Pages = {185--194},
	Publisher = {Academic Press},
	Title = {Speech perception: {The} view from the auditory 	system.},
	Year = {2015}}

@incollection{lotto_chapter_2016,
	Abstract = {The operating characteristics of the human auditory system clearly constrain the acoustic content and structure of speech. In addition, many researchers have proposed that the form of speech communication takes advantage of what the general auditory/cognitive system does well. We review here three ways in which general perceptual processes have been purported to influence the form of human speech communication: the need for auditory distinctiveness constraining phonetic inventories; the interactions between encoding/processing of sounds within short temporal windows that may underlie some of the listener's ability to accommodate variance in speech sounds; and the influence of perceptual learning on the formation and adaptability of phonetic categories. These examples provide demonstrations of the synergistic benefits of studying speech and hearing within an inclusive auditory cognitive neuroscience framework.},
	Address = {San Diego},
	Author = {Lotto, Andrew J. and Holt, Lori L.},
	Booktitle = {Neurobiology of {Language}},
	Editor = {Hickok, Gregory and Small, Steven L.},
	File = {ScienceDirect Full Text PDF:/Users/mwilli/Library/Application Support/Zotero/Profiles/00a46nqn.default/zotero/storage/Z6JC3H5C/Lotto and Holt - 2016 - Chapter 16 - Speech Perception The View from the .pdf:application/pdf;ScienceDirect Snapshot:/Users/mwilli/Library/Application Support/Zotero/Profiles/00a46nqn.default/zotero/storage/A242GVW4/B978012407794200016X.html:text/html},
	Isbn = {978-0-12-407794-2},
	Keywords = {auditory categorization, auditory cognitive neuroscience, auditory distinctiveness, phonetic context effects, Speech perception},
	Note = {DOI: 10.1016/B978-0-12-407794-2.00016-X},
	Pages = {185--194},
	Publisher = {Academic Press},
	Shorttitle = {Chapter 16 - {Speech} {Perception}},
	Title = {Chapter 16 - {Speech} {Perception}: {The} {View} from the {Auditory} {System}},
	Url = {http://www.sciencedirect.com/science/article/pii/B978012407794200016X},
	Urldate = {2017-03-05},
	Year = {2016},
	Bdsk-Url-1 = {http://www.sciencedirect.com/science/article/pii/B978012407794200016X}}
